<?xml version="1.0" encoding="UTF-8"?><record xmlns="http://www.loc.gov/MARC21/slim" xmlns:cinclude="http://apache.org/cocoon/include/1.0" xmlns:zs="http://www.loc.gov/zing/srw/">
  <leader>00635nz  a2200157n  4500</leader>
  <controlfield tag="001">n 2010182379</controlfield>
  <controlfield tag="003">DLC</controlfield>
  <controlfield tag="005">20100623075118.0</controlfield>
  <controlfield tag="008">100622n| acannaabn          |a ana      </controlfield>
  <datafield tag="010" ind1=" " ind2=" ">
    <subfield code="a">n 2010182379</subfield>
  </datafield>
  <datafield tag="035" ind1=" " ind2=" ">
    <subfield code="a">(DNLM)1341880</subfield>
  </datafield>
  <datafield tag="040" ind1=" " ind2=" ">
    <subfield code="a">DNLM</subfield>
    <subfield code="b">eng</subfield>
    <subfield code="c">DNLM</subfield>
  </datafield>
  <datafield tag="110" ind1="2" ind2=" ">
    <subfield code="a">Royal Brisbane and Women's Hospital</subfield>
  </datafield>
  <datafield tag="410" ind1="2" ind2=" ">
    <subfield code="a">RBWH</subfield>
  </datafield>
  <datafield tag="510" ind1="2" ind2=" ">
    <subfield code="w">a</subfield>
    <subfield code="a">Royal Brisbane Hospital</subfield>
  </datafield>
  <datafield tag="670" ind1=" " ind2=" ">
    <subfield code="a">Royal mums, 2009-:</subfield>
    <subfield code="b">v. 1, t.p. verso (Royal Brisbane and Women's Hospital, Herston, Qld.) p. 151 (merger of the Royal Women's Hospital [no publs. in LC database] and the Royal Brisbane Hospital in 2003 to form the Royal Brisbane and Women's Hospital or the RBWH)</subfield>
  </datafield>
</record>